<record><leader>00000cas a22000007a 4500</leader><controlfield tag="001">16261973</controlfield><controlfield tag="008">870721d18751875iauwr ne      0    0eng d</controlfield><datafield ind1=" " ind2=" " tag="010"><subfield code="a">sn 87057752 </subfield></datafield><datafield ind1=" " ind2=" " tag="040"><subfield code="a">INP</subfield><subfield code="b">eng</subfield><subfield code="c">INP</subfield><subfield code="d">OCLCQ</subfield></datafield><datafield ind1=" " ind2=" " tag="042"><subfield code="a">msc</subfield></datafield><datafield ind1="0" ind2="4" tag="245"><subfield code="a">The Sheldon republic.</subfield></datafield><datafield ind1=" " ind2=" " tag="260"><subfield code="a">Sheldon, O'Brien County, Iowa :</subfield><subfield code="b">J.F. Glover,</subfield><subfield code="c">1875.</subfield></datafield><datafield ind1=" " ind2=" " tag="300"><subfield code="a">1 v.</subfield></datafield><datafield ind1=" " ind2=" " tag="310"><subfield code="a">Weekly</subfield></datafield><datafield ind1="0" ind2=" " tag="362"><subfield code="a">Vol. 3, no. 1 (Jan. 8, 1875)-v. 3, no. 30 (Aug. 6, 1875).</subfield></datafield><datafield ind1=" " ind2=" " tag="500"><subfield code="a">Publisher varies.</subfield></datafield><datafield ind1=" " ind2=" " tag="752"><subfield code="a">United States</subfield><subfield code="b">Iowa</subfield><subfield code="c">O'Brien</subfield><subfield code="d">Sheldon.</subfield></datafield><datafield ind1="0" ind2="0" tag="780"><subfield code="t">Sheldon mail (Sheldon, Iowa : 1873)</subfield><subfield code="w">(DLC)sn 87057750</subfield></datafield><datafield ind1="0" ind2="0" tag="785"><subfield code="t">Sheldon mail (Sheldon, Iowa : 1875)</subfield><subfield code="w">(DLC)sn 87057753</subfield></datafield></record>